@article{drusvyatskiy_proximal,
    author = {Drusvyatskiy, Dmitriy},
    title = {The proximal point method revisited},
    pages = {1-4},
    year = {2017},
}

@article{Johnstone2020projective,
  title={Projective Splitting with Forward Steps: Asynchronous and Block-Iterative Operator Splitting},
  author={Johnstone, Patrick R. and Eckstein, Jonathan},
  journal={arXiv preprint arXiv:1803.07043},
  year={2020},
  eprint={1803.07043},
  archivePrefix={arXiv},
  primaryClass={math.OC},
  month={Aug},
  day={20},
  url={https://arxiv.org/abs/1803.07043v7}
}
